<?xml version="1.0" encoding="UTF-8"?><collection xmlns="http://www.loc.gov/MARC21/slim"><record><leader>00388nam--2200133-i-4500</leader><controlfield tag="001">000036520</controlfield><controlfield tag="002">20161230</controlfield><controlfield tag="005">20161230201040</controlfield><controlfield tag="008">060222s1000------------r-----000-0-eng-d</controlfield><datafield ind1=" " ind2=" " tag="080"><subfield code="a">621.382:62-52</subfield></datafield><datafield ind1=" " ind2=" " tag="245"><subfield code="a">Power semiconductor applications. vol.i. general considerations</subfield></datafield><datafield ind1=" " ind2=" " tag="260"><subfield code="a">New York, Ieee Press, 1972, Vii + 335p</subfield></datafield><datafield ind1=" " ind2=" " tag="700"><subfield code="a">John D. Harnden And Forest B.Golden</subfield></datafield><datafield ind1=" " ind2=" " tag="852"><subfield code="a">39531</subfield></datafield></record></collection>